@book{sobrev,
    author = "Enrico Antônio Colosimo e Suely Ruiz Giolo",
    title = "Análise de Sobrevivência Aplicada",
    year = "2006"
}
